% -- articles --

@article{angulo03,
 author = { Angulo J and Serra J },
 title = { {Automatic analysis of DNA microarray images using mathematical
    morphology} },
 journal = { Bioinformatics },
 volume = { 19(5) },
 pages = { 553-562 },
 year = { 2003 }
 }

@article{biller74,
 author = {Biller JE and Biemann K},
 title = {Reconstructed Mass Spectra, A Novel Approach for the Utilization of
    Gas Chromatograph--Mass Spectrometer Data},
 journal = { Anal. Lett.},
 year  = { 1974 },
 volume = { 7 },
 pages = { 515-528 }
}

@article{halket05,
 author = { Halket JM and Waterman D and Przyborowska AM and Patel RK
    and Fraser PD and Bramley PM },
 title = { {Chemical derivatization and mass spectral libraries in
    metabolic profiling by GC/MS and LC/MS/MS} },
 journal = { J Exp Bot },
 volume = { 6(410) },
 pages = { 219-43 },
 year = { 2005 }
 }

@article{smith06,
 author = { Smith CA and Want EJ and O'Maille G and Abagyan R and Siuzdak G },
 title = { {XCMS: processing mass spectrometry data for metabolite profiling
    using nonlinear peak alignment, matching, and identification} },
 journal = { Anal Chem },
 volume = { 78(3) },
 pages = { 779-87 },
 year = { 2006 }
 }

@article{katajamaa06,
 author = { Katajamaa M and Miettinen J and Oresic M },
 title = { {MZmine: toolbox for processing and visualization of mass
     spectrometry based molecular profile data} },
 journal = { Bioinformatics },
 volume = { 22(5) },
 pages = { 634-636 },
 year = { 2006 }
 }

@article{stein99,
 author = { Stein S },
 title = { {An Integrated Method for Spectrum Extraction and Compound
     Identification from GC/MS Data} },
 journal = { J. Am. Soc. Mass Spectrom. },
 volume = { 10 },
 pages = { 770-781 },
 year = { 1999 }
 }

@article{fiehn00,
 author = { Fiehn O and Kopka J and Dormann P and Altmann T
     and Trethewey RN and Willmitzer L },
 title = { {Metabolite profiling for plant functional genomics} },
 journal = { Nature biotechnology },
 volume = { 18(11) },
 pages = { 1142-1143 },
 year = { 2000 }
 }

@article{allen03,
 author = { Allen J and Davey HM and Broadhurst D and Heald JK
    and Rowland JJ and Oliver SG and Kell DB },
 title = { {High-throughput classification of yeast mutants for
    functional genomics using metabolic footprinting} },
 journal = { Nature biotechnology },
 volume = { 21(6) },
 pages = { 692-696 },
 year = { 2003 }
 }

@article{nanchen07,
 author = { Nanchen A and Fuhrer T and Sauer U },
 title = { {Determination of Metabolic Flux Ratios From 13C-Experiments
   and Gas Chromatography-Mass Spectrometry Data } },
 journal = { Methods in Molecular Biology },
 volume = { 358 },
 pages = { 177-97 },
 year = { 2007 }
 }

@article{robinson07,
 author = { Robinson MD and De Souza DP and Keen WW and Saunders EC and
   McConville MJ and Speed TP and Likic VA},
 title = { {A dynamic programming approach for the alignment of signal
   peaks in multiple gas chromatography-mass spectrometry experiments} },
 journal = { BMC Bioinformatics },
 volume = { 8 },
 pages = { 419 },
 year = { 2007 }
 }

@article{sauve04,
 author = { Sauve AC and Speed TP },
 title = { {Normalization, baseline correction and alignment of high-throughput
mass spectrometry data} },
 journal = { Procedings Gensips },
 volume = {},
 pages = {},
 year = { 2004 }
 }

@article{wittman99,
 author = { Wittmann C and Heinzle E },
 title = { {Mass Spectrometry for Metabolic Flux Analysis} },
 journal = { Biotechnology and Bioengineering },
 volume = { 62(6) },
 pages = { 739-750 },
 year = { 1999 }
 }

@article{anto07,
 author = { Antoniewicz MR and Kelleher JK and Stephanopoulos G},
 title = { {Accurate assessment of amino acid mass isotopomer distributions for metabolic flux analysis} },
 journal = { Anal Chem },
 volume = { 79(19) },
 pages = { 7554-9 },
 year = { 2007 }
 }

% -- books --

@book{gross04,
 author = { Gross JH },
 title = { {Mass Spectrometry} },
 publisher = { Springer },
 address = { Berlin },
 year = { 2004 },
 note = { ISBN 3-540-40739-1 }
 }

@book{serra83,
 author = { Serra J },
 title = { {Image Analysis and Mathematical Morphology} },
 publisher = { Academic Press, Inc },
 address = { Orlando },
 year = { 1983 },
 note = { ISBN 0126372403 }
 }

% -- web sites --

@misc{python,
 title = { {Python} },
 note = { http://www.python.org }
}

@misc{ipython,
 title = { {IPython} },
 note = { http://ipython.scipy.org/moin/ }
}

@misc{octave,
 title = { {Octave} },
 note = { http://www.gnu.org/software/octave/ }
}

@misc{scipy,
  author = {Eric Jones and Travis Oliphant and Pearu Peterson and others},
  title = {{SciPy}: Open source scientific tools for {Python}},
  year = {2001--},
  note = "http://www.scipy.org/"
}

@misc{urbansim,
 title = { {UrbanSim} },
 note = { http://www.urbansim.org/ }
}

